@INPROCEEDINGS{SwiftT_2013,
  title = {{Swift/T}: Large-scale Application Composition via Distributed-memory Data Flow Processing },
  author = {Justin M. Wozniak and Timothy G. Armstrong and Michael Wilde and Daniel S. Katz and Ewing Lusk and Ian T. Foster},
  booktitle = {Proc. CCGrid '13},
  COMMyear = {2013}
}

@book{BGQ_RedBook_2013,
  title={IBM System Blue Gene Solution Blue Gene/Q Application Development, Second Edition},
  author={Gilge, Megan},
   year={2013},
   publisher={IBM Redbooks}
}

